@techreport{RN1251,
   author = {Kerai, Mita},
   title = {Statistical release and data: Smart Meters, Great Britain, quarter 4 2019},
   institution = {Department for Business, Energy and Industrial Strategy},
   year = {2019},
   type = {Report}
}

@article{RN59,
   author = {Moustris, K. and Kavadias, K. A. and Zafirakis, D. and Kaldellis, J. K.},
   title = {Medium, short and very short-term prognosis of load demand for the Greek Island of Tilos using artificial neural networks and human thermal comfort-discomfort biometeorological data},
   journal = {Renewable Energy},
   volume = {147},
   pages = {100-109},
   year = {2020},
   type = {Journal Article}
}

@book{RN1250,
   author = {Owen, M.S. and American Society of Heating, Refrigerating and Engineers, Air-Conditioning},
   title = {2009 ASHRAE Handbook: Fundamentals},
   publisher = {American Society of Heating, Refrigeration and Air-Conditioning Engineers},
   ISBN = {9781933742557},
   url = {https://books.google.com/books?id=D65XPgAACAAJ},
   year = {2009},
   type = {Book}
}


@article{RN1194,
   author = {Johannesen, N. J. and Kolhe, M. and Goodwin, M.},
   title = {Relative evaluation of regression tools for urban area electrical energy demand forecasting},
   journal = {Journal of Cleaner Production},
   volume = {218},
   pages = {555-564},
   year = {2019},
   type = {Journal Article}
}

@inproceedings{RN1197,
   author = {Huang, Y. and Yuan, Y. and Chen, H. and Wang, J. and Guo, Y. and Ahmad, T.},
   title = {A novel energy demand prediction strategy for residential buildings based on ensemble learning},
   booktitle = {Energy Procedia},
   volume = {158},
   pages = {3411-3416},
   year = {2019},
   type = {Conference Proceedings}
}

@article{RN1196,
   author = {Le, T. and Vo, M. T. and Vo, B. and Hwang, E. and Rho, S. and Baik, S. W.},
   title = {Improving electric energy consumption prediction using CNN and Bi-LSTM},
   journal = {Applied Sciences (Switzerland)},
   volume = {9},
   number = {20},
   year = {2019},
   type = {Journal Article}
}

@inproceedings{RN1199,
   author = {Theile, P. and Towle, A. L. and Karnataki, K. and Crosara, A. and Paridari, K. and Turk, G. and Nordstrom, L.},
   title = {Day-ahead electricity consumption prediction of a population of households: Analyzing different machine learning techniques based on real data from RTE in France},
   booktitle = {2018 IEEE International Conference on Communications, Control, and Computing Technologies for Smart Grids, SmartGridComm 2018},
   year = {2018},
   type = {Conference Proceedings}
}

@article{RN21,
   author = {Robinson, Caleb and Dilkina, Bistra and Hubbs, Jeffrey and Zhang, Wenwen and Guhathakurta, Subhrajit and Brown, Marilyn A. and Pendyala, Ram M.},
   title = {Machine learning approaches for estimating commercial building energy consumption},
   journal = {Applied Energy},
   volume = {208},
   pages = {889-904},
   ISSN = {0306-2619},
   year = {2017},
   type = {Journal Article}
}

@article{RN1195,
   author = {Kim, J. Y. and Cho, S. B.},
   title = {Electric energy consumption prediction by deep learning with state explainable autoencoder},
   journal = {Energies},
   volume = {12},
   number = {4},
   year = {2019},
   type = {Journal Article}
}

@article{RN1280,
   author = {McCulloch, Warren S. and Pitts, Walter},
   title = {A logical calculus of the ideas immanent in nervous activity},
   journal = {The bulletin of mathematical biophysics},
   volume = {5},
   number = {4},
   pages = {115-133},
   ISSN = {1522-9602},
   DOI = {10.1007/BF02478259},
   url = {https://doi.org/10.1007/BF02478259},
   year = {1943},
   type = {Journal Article}
}

@book{RN1279,
   author = {Rosenblatt, F.},
   title = {Principles of neurodynamics: perceptrons and the theory of brain mechanisms},
   publisher = {Spartan Books},
   url = {https://books.google.ca/books?id=7FhRAAAAMAAJ},
   year = {1962},
   type = {Book}
}

@book{RN1281,
   author = {Buduma, Nikhil and Locascio, Nicholas},
   title = {Fundamentals of Deep Learning: Designing Next-Generation Machine Intelligence Algorithms},
   publisher = {O’Reilly Media, Inc.},
   ISBN = {1491925612},
   year = {2017},
   type = {Book}
}

@book{RN1282,
   author = {Goodfellow, I. and Bengio, Y. and Courville, A.},
   title = {Deep Learning},
   publisher = {MIT Press},
   ISBN = {9780262337373},
   url = {https://books.google.co.uk/books?id=omivDQAAQBAJ},
   year = {2016},
   type = {Book}
}

@article{RN1285,
   author = {Hinton, Geoffrey E and Osindero, Simon and Teh, Yee-Whye},
   title = {A fast learning algorithm for deep belief nets},
   journal = {Neural computation},
   volume = {18},
   number = {7},
   pages = {1527-1554},
   ISSN = {0899-7667},
   year = {2006},
   type = {Journal Article}
}

@article{RN1284,
   author = {Bengio, Yoshua},
   title = {Learning deep architectures for AI},
   journal = {Foundations and trends® in Machine Learning},
   volume = {2},
   number = {1},
   pages = {1-127},
   ISSN = {1935-8237},
   year = {2009},
   type = {Journal Article}
}

@article{RN1286,
   author = {Fukushima, K.},
   title = {Neocognitron: a self organizing neural network model for a mechanism of pattern recognition unaffected by shift in position},
   journal = {Biol Cybern},
   volume = {36},
   number = {4},
   pages = {193-202},
   ISSN = {0340-1200 (Print)
0340-1200},
   DOI = {10.1007/bf00344251},
   year = {1980},
   type = {Journal Article}
}

@article{RN1287,
   author = {LeCun, Yann and Bottou, Léon and Bengio, Yoshua and Haffner, Patrick},
   title = {Gradient-based learning applied to document recognition},
   journal = {Proceedings of the IEEE},
   volume = {86},
   number = {11},
   pages = {2278-2324},
   ISSN = {0018-9219},
   year = {1998},
   type = {Journal Article}
}

@article{RN1288,
   author = {Hochreiter, Sepp and Schmidhuber, Jürgen},
   title = {Long Short-Term Memory},
   journal = {Neural Computation},
   volume = {9},
   number = {8},
   pages = {1735-1780},
   DOI = {10.1162/neco.1997.9.8.1735},
   year = {1997},
   type = {Journal Article}
}

@inbook{RN1289,
   author = {Hochreiter, S. and Bengio, Y. and Frasconi, P. and Schmidhuber, J.},
   title = {Gradient flow in recurrent nets: the difficulty of learning long-term dependencies},
   booktitle = {A Field Guide to Dynamical Recurrent Neural Networks},
   publisher = {IEEE Press},
   volume = {%6},
   pages = {%&},
   year = {2001},
   type = {Book Section}
}

@article{RN1290,
   author = {Gers, Felix A. and Schmidhuber, Jürgen A. and Cummins, Fred A.},
   title = {Learning to Forget: Continual Prediction with LSTM},
   journal = {Neural Comput.},
   volume = {12},
   number = {10},
   pages = {2451–2471},
   ISSN = {0899-7667},
   DOI = {10.1162/089976600300015015},
   url = {https://doi.org/10.1162/089976600300015015},
   year = {2000},
   type = {Journal Article}
}

@inproceedings{RN1274,
   author = {Sainath, T. N. and Vinyals, O. and Senior, A. and Sak, H.},
   title = {Convolutional, Long Short-Term Memory, fully connected Deep Neural Networks},
   booktitle = {2015 IEEE International Conference on Acoustics, Speech and Signal Processing (ICASSP)},
   pages = {4580-4584},
   ISBN = {2379-190X},
   year = {2015},
   DOI = {10.1109/ICASSP.2015.7178838},
   url = {https://ieeexplore.ieee.org/document/7178838/},
   type = {Conference Proceedings}
}

@book{RN1291,
   author = {Kulkarni, A.J. and Satapathy, S.C.},
   title = {Optimization in Machine Learning and Applications},
   publisher = {Springer Singapore},
   ISBN = {9789811509940},
   url = {https://books.google.co.uk/books?id=Mw3BDwAAQBAJ},
   year = {2019},
   type = {Book}
}

@article{RN1292,
   author = {Kingma, Diederik P and Ba, Jimmy},
   title = {Adam: A method for stochastic optimization},
   journal = {arXiv preprint arXiv:1412.6980},
   year = {2014},
   type = {Journal Article}
}

@inproceedings{RN13,
   author = {Amarasinghe, K. and Marino, D. L. and Manic, M.},
   title = {Deep neural networks for energy load forecasting},
   booktitle = {2017 IEEE 26th International Symposium on Industrial Electronics (ISIE)},
   pages = {1483-1488},
   year = {2017},
   DOI = {10.1109/ISIE.2017.8001465},
   type = {Conference Proceedings}
}

@inproceedings{RN29,
   author = {Paterakis, N. G. and Mocanu, E. and Gibescu, M. and Stappers, B. and Alst, W. van},
   title = {Deep learning versus traditional machine learning methods for aggregated energy demand prediction},
   booktitle = {2017 IEEE PES Innovative Smart Grid Technologies Conference Europe (ISGT-Europe)},
   pages = {1-6},
   year = {2017},
   DOI = {10.1109/ISGTEurope.2017.8260289},
   type = {Conference Proceedings}
}













